@incollection{DRAGOUN19831,
title = "Internal Conversion-Electron Spectroscopy",
editor = "Peter W. Hawkes",
series = "Advances in Electronics and Electron Physics",
publisher = "Academic Press",
volume = "60",
pages = "1 - 94",
year = "1983",
issn = "0065-2539",
doi = "https://doi.org/10.1016/S0065-2539(08)60888-4",
url = "http://www.sciencedirect.com/science/article/pii/S0065253908608884",
author = "O. Dragoun"
}

@article{nuclearshape,
title = "Nuclear Shapes",
publisher = "Europhys. News",
year = "2001",
author = "R. Lucas"
}


@article{background,
  author  = {A. Gade and S.N. Liddick}, 
  title   = {Shape coexistence in neutron-rich nuclei},
  journal = {Jounral of Physics G: Nuclear and Particle Physics},
  year    = 2016,
  number  = 2,
  month   = 1,
  volume  = 43
}


@article{pictureshape,
   author = {Andrei Andreyev and  K U Leuven and JÃ¼rgen Kluge},
    title = "{Exotic lead nuclei get into shape at ISOLDE}",   
    year = 2007,
    month = sept,
}

@article{mehta,
   author = {{Mehta}, P. and {Bukov}, M. and {Wang}, C.-H. and {Day}, A.~G.~R. and 
	{Richardson}, C. and {Fisher}, C.~K. and {Schwab}, D.~J.},
    title = "{A high-bias, low-variance introduction to Machine Learning for physicists}",
  journal = {ArXiv e-prints},
archivePrefix = "arXiv",
   eprint = {1803.08823},
 primaryClass = "physics.comp-ph",
 keywords = {Physics - Computational Physics, Condensed Matter - Statistical Mechanics, Computer Science - Learning, Statistics - Machine Learning},
     year = 2018,
    month = mar,
   adsurl = {http://adsabs.harvard.edu/abs/2018arXiv180308823M},
  adsnote = {Provided by the SAO/NASA Astrophysics Data System}
}